<?xml version="1.0" encoding="UTF-8"?><record xmlns="http://www.loc.gov/MARC21/slim" xmlns:cinclude="http://apache.org/cocoon/include/1.0" xmlns:zs="http://www.loc.gov/zing/srw/">
  <leader>00593cz  a2200133n  4500</leader>
  <controlfield tag="001">n 2004057532</controlfield>
  <controlfield tag="003">DLC</controlfield>
  <controlfield tag="005">20120815080718.0</controlfield>
  <controlfield tag="008">040804n| acannaabn          |n ana      </controlfield>
  <datafield tag="010" ind1=" " ind2=" ">
    <subfield code="a">n 2004057532</subfield>
  </datafield>
  <datafield tag="040" ind1=" " ind2=" ">
    <subfield code="a">DLC</subfield>
    <subfield code="b">eng</subfield>
    <subfield code="c">DLC</subfield>
    <subfield code="d">DLC</subfield>
  </datafield>
  <datafield tag="111" ind1="2" ind2=" ">
    <subfield code="a">She hui wen ti xue shu yan tao hui</subfield>
    <subfield code="d">(1999 :</subfield>
    <subfield code="c">Taipei, Taiwan)</subfield>
  </datafield>
  <datafield tag="667" ind1=" " ind2=" ">
    <subfield code="a">THIS 1XX FIELD CANNOT BE USED UNDER RDA UNTIL THIS RECORD HAS BEEN REVIEWED AND/OR UPDATED</subfield>
  </datafield>
  <datafield tag="670" ind1=" " ind2=" ">
    <subfield code="a">She hui wen ti xue shu yan tao hui (1999 : Taipei, Taiwan).  Taiwan she hui wen ti yan jiu, 2002:</subfield>
    <subfield code="b">t.p. (Taiwan she hui wen ti yan tao hui) p. xi (held Dec. 29-30, 1999 in Taipei)</subfield>
  </datafield>
</record>